<record xmlns="http://www.loc.gov/MARC21/slim" xmlns:xsi="http://www.w3.org/2001/XMLSchema-instance" xsi:schemaLocation="http://www.loc.gov/MARC21/slim http://www.loc.gov/standards/marcxml/schema/MARC21slim.xsd"><leader>00000nam a22004334i 4500</leader><controlfield tag="001">9789527270479</controlfield><controlfield tag="003">FI-BTJ</controlfield><controlfield tag="008">181219s2018    fi ||||       |0| j|fin|c</controlfield><datafield ind1=" " ind2=" " tag="020"><subfield code="a">9789527270479</subfield><subfield code="q">pehme&#228;kantinen</subfield></datafield><datafield ind1=" " ind2=" " tag="040"><subfield code="a">FI-BTJ</subfield><subfield code="b">fin</subfield><subfield code="e">rda</subfield></datafield><datafield ind1="1" ind2=" " tag="041"><subfield code="a">fin</subfield><subfield code="h">rus</subfield></datafield><datafield ind1="9" ind2=" " tag="084"><subfield code="a">Novellit</subfield><subfield code="2">ykl</subfield></datafield><datafield ind1=" " ind2=" " tag="084"><subfield code="a">84.2</subfield><subfield code="2">ykl</subfield></datafield><datafield ind1=" " ind2=" " tag="091"><subfield code="a">89.09</subfield></datafield><datafield ind1=" " ind2=" " tag="092"><subfield code="a">84.2</subfield></datafield><datafield ind1=" " ind2=" " tag="094"><subfield code="a">84.2</subfield></datafield><datafield ind1=" " ind2=" " tag="095"><subfield code="a">1.4</subfield></datafield><datafield ind1=" " ind2=" " tag="097"><subfield code="a">84.2</subfield></datafield><datafield ind1="1" ind2=" " tag="100"><subfield code="a">Pu&#353;kin, Aleksandr,</subfield><subfield code="e">kirjoittaja.</subfield></datafield><datafield ind1="1" ind2="0" tag="245"><subfield code="a">Aatelisrosvo Dubrovskij /</subfield><subfield code="c">Aleksandr Pu&#353;kin ; ven&#228;j&#228;n kielest&#228; suomensi Sassi. Laukaus ym. kertomuksia / Aleksandr Pu&#353;kin ; ven&#228;j&#228;n kielest&#228; suomensi Juho Ahava.</subfield></datafield><datafield ind1=" " ind2="1" tag="264"><subfield code="a">[Valkeakoski] :</subfield><subfield code="b">Tiberius kirjat,</subfield><subfield code="c">[2018]</subfield></datafield><datafield ind1=" " ind2=" " tag="300"><subfield code="a">198 sivua ;</subfield><subfield code="c">18 cm</subfield></datafield><datafield ind1=" " ind2=" " tag="336"><subfield code="a">teksti</subfield><subfield code="b">txt</subfield><subfield code="2">rdacontent</subfield></datafield><datafield ind1=" " ind2=" " tag="337"><subfield code="a">k&#228;ytett&#228;viss&#228; ilman laitetta</subfield><subfield code="b">n</subfield><subfield code="2">rdamedia</subfield></datafield><datafield ind1=" " ind2=" " tag="338"><subfield code="a">nide</subfield><subfield code="b">nc</subfield><subfield code="2">rdacarrier</subfield></datafield><datafield ind1=" " ind2=" " tag="500"><subfield code="a">Aatelisrosvo Dubrovskij ilmestynyt ensimm&#228;isen kerran Porissa Satakunnan kirjapainossa 1895. Laukaus ym. kertomuksia ilmestynyt ensimm&#228;isen kerran H&#228;meenlinnassa, Arvi A. Karisto, 1908.</subfield></datafield><datafield ind1="0" ind2=" " tag="505"><subfield code="a">Aatelisrosvo Dubrovskij -- Laukaus -- Aatelisneiti talonpoikaistytt&#246;n&#228; -- Postimestari ja h&#228;nen tytt&#228;rens&#228;</subfield></datafield><datafield ind1=" " ind2=" " tag="575"><subfield code="a">aineisto at espoo.fi </subfield></datafield><datafield ind1=" " ind2="7" tag="655"><subfield code="a">novellit</subfield><subfield code="2">slm/fin</subfield><subfield code="0">http://urn.fi/URN:NBN:fi:au:slm:s27</subfield></datafield><datafield ind1=" " ind2="7" tag="655"><subfield code="a">pienoisromaanit</subfield><subfield code="2">slm/fin</subfield><subfield code="0">http://urn.fi/URN:NBN:fi:au:slm:s388</subfield></datafield><datafield ind1=" " ind2="7" tag="655"><subfield code="a">kaunokirjallisuus</subfield><subfield code="2">slm/fin</subfield><subfield code="0">http://urn.fi/URN:NBN:fi:au:slm:s975</subfield></datafield><datafield ind1=" " ind2="7" tag="655"><subfield code="a">ven&#228;j&#228;nkielinen kirjallisuus</subfield><subfield code="2">local</subfield></datafield><datafield ind1=" " ind2="7" tag="655"><subfield code="a">k&#228;&#228;nn&#246;kset</subfield><subfield code="2">slm/fin</subfield><subfield code="0">http://urn.fi/URN:NBN:fi:au:slm:s1044</subfield></datafield><datafield ind1="1" ind2=" " tag="700"><subfield code="a">Ahava, Juho,</subfield><subfield code="e">k&#228;&#228;nt&#228;j&#228;.</subfield></datafield><datafield ind1="0" ind2=" " tag="700"><subfield code="a">Sassi,</subfield><subfield code="e">k&#228;&#228;nt&#228;j&#228;.</subfield></datafield><datafield ind1="1" ind2="2" tag="700"><subfield code="i">Sis&#228;lt&#228;&#228; (teos):</subfield><subfield code="a">Pu&#353;kin, Aleksandr.</subfield><subfield code="t">Dubrovski,</subfield><subfield code="l">suomi.</subfield></datafield><datafield ind1="1" ind2="2" tag="700"><subfield code="i">Sis&#228;lt&#228;&#228; (teos):</subfield><subfield code="a">Pu&#353;kin, Aleksandr.</subfield><subfield code="t">Vystrel,</subfield><subfield code="l">suomi.</subfield></datafield><datafield ind1="1" ind2="2" tag="700"><subfield code="i">Sis&#228;lt&#228;&#228; (teos):</subfield><subfield code="a">Pu&#353;kin, Aleksandr.</subfield><subfield code="t">Bary&#353;nja-krestjanka,</subfield><subfield code="l">suomi.</subfield></datafield><datafield ind1="1" ind2="2" tag="700"><subfield code="i">Sis&#228;lt&#228;&#228; (teos):</subfield><subfield code="a">Pu&#353;kin, Aleksandr.</subfield><subfield code="t">Stantsionnyi smotritel,</subfield><subfield code="l">suomi.</subfield></datafield><datafield ind1=" " ind2=" " tag="852"><subfield code="x">Helsingin luokanmuutos 28.4.2026</subfield></datafield></record>